@article{suryadi2018rancang,
  title={Rancang bangun Sistem Informasi Persediaan Obat berbasis WEB Di Apotek XYZ},
  author={Suryadi, Andri and Harahap, Erwin and Rachmanto, Adi},
  journal={JURNAL PETIK},
  volume={4},
  number={2},
  pages={114--119},
  year={2018}
}

@article{supardi2012kajian,
  title={Kajian Peraturan Perundang-undangan tentang Pemberian Informasi Obat dan Obat Tradisional di Indonesia},
  author={Supardi, Sudibyo and Handayani, Rini Sasanti and Herman, Max Joseph and Raharni, Raharni and Susyanty, Andi Leny},
  journal={Indonesian Pharmaceutical Journal},
  volume={2},
  number={1},
  pages={20--27},
  year={2012},
  publisher={National Institute of Health Research and Development, Indonesian Ministry~â€¦}
}
@article{adyanti2015sistem,
  title={Sistem Monitoring Kegiatan Akademik Kepala Sekolah, Guru Dan Tata Usaha berbasis Apex (Studi Kasus: Sma N 1 Indramayu)},
  author={Adyanti, Indri and Suryatiningsih, Suryatiningsih},
  journal={eProceedings of Applied Science},
  volume={1},
  number={1},
  year={2015}
}

@article{sovia2017membangun,
  title={Membangun Aplikasi E-Library Menggunakan Html, Php Script, Dan Mysql Database},
  author={Sovia, Rini and Febio, Jimmy},
  journal={Jurnal Processor},
  volume={6},
  number={2},
  year={2017}
}

@article{mailoor2017analisis,
  title={ANALISIS PENGELOLAAN OBAT DI PUSKESMAS DANOWUDU KOTA BITUNG},
  author={Mailoor, Rinda Jeyssi and Maramis, Franckie RR and Mandagi, Chreisye KF},
  journal={KESMAS},
  volume={6},
  number={3},
  year={2017}
}

@article{wasito2018analisis,
  title={ANALISIS PEMILIHAN TEMPAT PENYIMPANAN DATA SECARA ONLINE MENGGUNAKAN METODE ANALYTICAL HIERARCHY PROCESS},
  author={Wasito, Budi and Kom, S and others},
  journal={Jurnal Informatika dan Bisnis},
  volume={7},
  number={1},
  year={2018}
}

@misc{Apex,
  title ={What Is Application Express},
  howpublished = {\url{https://www.oracle.com/database/technologies/appdev/apex-what-is.html}},
  note = {Accessed: 2019-11-18}
}

@book{sciore2015understanding,
  title={Understanding Oracle APEX 5 Application Development},
  author={Sciore, Edward},
  year={2015},
  publisher={Apress}
}

@article{sihotang2017pembuatan,
  title={Pembuatan Aplikasi E-Learning Pada SMK Swasta Pariwisata Imelda},
  author={Sihotang, Hengki Tamando},
  journal={Jurnal Mantik Penusa},
  volume={1},
  number={2},
  year={2017}
}

@article{sova2019perancangan,
  title={PERANCANGAN SISTEM INFORMASI BERBASIS WEB UNTUK PENDAFTARAN PESERTA PELATIHAN KURSUS SERTIFIKASI INTERNASIONAL SECARA DARING DI UNIVERSITAS GUNADARMA},
  author={Sova, Erma and Rahayu, Dewi Agushinta},
  journal={Jurnal Ilmiah Informatika Komputer},
  volume={24},
  number={1},
  pages={80--92},
  year={2019}
}

@article{ayumanda2018paket,
  title={Paket Informasi Obat-Obat Herbal Berbasis Lokal Konten di Kecamatan Koto Tangah Kota Padang},
  author={Ayumanda, Dinda and Rahmah, Elva},
  journal={Ilmu Informasi Perpustakaan dan Kearsipan},
  volume={7},
  number={1},
  pages={32--39},
  year={2018}
}

@article{kurniawan2018perancangan,
  title={Perancangan Sistem Informasi Persediaan Obat Pada Apotik ABC Berbasis Client Server},
  author={Kurniawan, Helmi},
  journal={JUSITI: Jurnal Sistem Informasi dan Teknologi Informasi},
  volume={4},
  number={1},
  year={2018}
}

@misc{Oracle,
  title ={Pengertian Oracle},
  howpublished = {\url{https://www.nesabamedia.com/pengertian-oracle/}},
  note = {Accessed: 2019-11-20}
}

@article{dewi2019analisis,
  title={Analisis statistik keterpakaian database online Science Direct (Januari-Juni 2018) dalam mengambil kebijakan pengadaan bahan pustaka elektronik pada Perpustakaan Universitas Islam Indonesia},
  author={Dewi, Mestika},
  journal={Al-Kuttab: Jurnal Kajian Perpustakaan, informasi dan kearsipan},
  volume={1},
  number={1},
  pages={23--34},
  year={2019}
}		

@article{siahaan2017pengetahuan,
  title={Pengetahuan, sikap, dan perilaku masyarakat dalam memilih obat yang aman di tiga Provinsi di Indonesia},
  author={Siahaan, Selma Arsit Selto and Usia, Tepi and Pujiati, Sri and Tarigan, Ingan Ukur and Murhandini, Sri and Isfandari, Siti and Tiurdinawati, Tiurdinawati},
  journal={Jurnal Kefarmasian Indonesia},
  volume={7},
  number={2},
  pages={136--145},
  year={2017}
}

@article{irviani2017pengembangan,
  title={PENGEMBANGAN SISTEM INFORMASI APOTEK BERBASIS WEBSITE PADA APOTEK AR-ROZ FARMA 4 KEDONDONG},
  author={Irviani, Rita},
  journal={Jurnal TAM (Technology Acceptance Model)},
  volume={3},
  pages={40--47},
  year={2017}
}

@article{zulkifli2019analisis,
  title={Analisis Determinan Persepsi Masyarakat di Lingkungan Sekitar Industri Farmasi PT. X Kota Palembang},
  author={Zulkifli, Hilda and Faizal, Muhammad and others},
  journal={Jurnal Kesehatan},
  volume={10},
  number={1},
  pages={105--112},
  year={2019}
}
